10400000         2181365040001070000000000000000000004257912213440000000INDEPENDENCE COMERCIO E IMPORTCaixa Econômica Federal                 10805202416031100048110700000                                                                     
10400011R0100067 20181365040001071221344000000000000004257900000000000000INDEPENDENCE COMERCIO E IMPORT                                                                                000004810805202400000000                                 
1040001300001P   0425791221344000000000000000000000000004112138124-2         1306202400000000011182400000002N0205202411406202400000000000026100000000000000000000000000000000000000000000000000000083349                    1052000090000000000 
1040001300002Q   2047085172000179IDR COMERCIO DE FERRAGENS LTDA          R 210, 23                               SETOR COIMBRA  74535280GOIANIA        GO0000000000000000                                                                       
1040001300003R 00000000000000000000000000000000000000000000000000213062024000000000000200                                                                                                                                                       
1040001300004P   0425791221344000000000000000000000000001112138125-1         0207202400000000013778400000002N0305202410307202400000000000032100000000000000000000000000000000000000000000000000000083381                    1052000090000000000 
1040001300005Q   2077044618000340BALAROTI - COMERCIO DE MATERIAIS DE CONSR ILO ANTONINHO MOZER, 271              GUATUPE        83060480SAO JOSE DOS PIPR0000000000000000                                                                       
1040001300006R 00000000000000000000000000000000000000000000000000202072024000000000000200                                                                                                                                                       
1040001300007P   0425791221344000000000000000000000000003112138124-1         3105202400000000011182400000002N0205202410106202400000000000026100000000000000000000000000000000000000000000000000000083348                    1052000090000000000 
1040001300008Q   2047085172000179IDR COMERCIO DE FERRAGENS LTDA          R 210, 23                               SETOR COIMBRA  74535280GOIANIA        GO0000000000000000                                                                       
1040001300009R 00000000000000000000000000000000000000000000000000231052024000000000000200                                                                                                                                                       
1040001300010P   0425791221344000000000000000000000000007112138126-2         0207202400000000079080700000002N0305202410307202400000000000184500000000000000000000000000000000000000000000000000000083399                    1052000090000000000 
1040001300011Q   2035065903000135NILO MAIA DISTRIBUIDORA LTDA            Av MARIA HOSANA MATOS LIMA, 00555       DISTRITO INDUST61939130MARACANAU      CE0000000000000000                                                                       
1040001300012R 00000000000000000000000000000000000000000000000000202072024000000000000200                                                                                                                                                       
1040001300013P   0425791221344000000000000000000000000005112138124-3         2706202400000000011182300000002N0205202412806202400000000000026100000000000000000000000000000000000000000000000000000083350                    1052000090000000000 
1040001300014Q   2047085172000179IDR COMERCIO DE FERRAGENS LTDA          R 210, 23                               SETOR COIMBRA  74535280GOIANIA        GO0000000000000000                                                                       
1040001300015R 00000000000000000000000000000000000000000000000000227062024000000000000200                                                                                                                                                       
1040001300016P   0425791221344000000000000000000000000002112138125-2         0108202400000000013778400000002N0305202410208202400000000000032100000000000000000000000000000000000000000000000000000083382                    1052000090000000000 
1040001300017Q   2077044618000340BALAROTI - COMERCIO DE MATERIAIS DE CONSR ILO ANTONINHO MOZER, 271              GUATUPE        83060480SAO JOSE DOS PIPR0000000000000000                                                                       
1040001300018R 00000000000000000000000000000000000000000000000000201082024000000000000200                                                                                                                                                       
1040001300019P   0425791221344000000000000000000000000006112138126-1         0306202400000000079080700000002N0305202410406202400000000000184500000000000000000000000000000000000000000000000000000083398                    1052000090000000000 
1040001300020Q   2035065903000135NILO MAIA DISTRIBUIDORA LTDA            Av MARIA HOSANA MATOS LIMA, 00555       DISTRITO INDUST61939130MARACANAU      CE0000000000000000                                                                       
1040001300021R 00000000000000000000000000000000000000000000000000203062024000000000000200                                                                                                                                                       
1040001300022P   0425791221344000000000000000000000000009112138127-1         0306202400000000012963100000002N0305202410406202400000000000030200000000000000000000000000000000000000000000000000000083401                    1052000090000000000 
1040001300023Q   2035065903000992NILO MAIA DISTRIBUIDORA LTDA            R FRANCISCA MARIA DE SOUZA, 190         DISTRITO INDUST58411380CAMPINA GRANDE PB0000000000000000                                                                       
1040001300024R 00000000000000000000000000000000000000000000000000203062024000000000000200                                                                                                                                                       
1040001300025P   0425791221344000000000000000000000000008112138126-3         0108202400000000079081000000002N0305202410208202400000000000184500000000000000000000000000000000000000000000000000000083400                    1052000090000000000 
1040001300026Q   2035065903000135NILO MAIA DISTRIBUIDORA LTDA            Av MARIA HOSANA MATOS LIMA, 00555       DISTRITO INDUST61939130MARACANAU      CE0000000000000000                                                                       
1040001300027R 00000000000000000000000000000000000000000000000000201082024000000000000200                                                                                                                                                       
1040001300028P   0425791221344000000000000000000000000011112138127-3         0108202400000000012963000000002N0305202410208202400000000000030200000000000000000000000000000000000000000000000000000083403                    1052000090000000000 
1040001300029Q   2035065903000992NILO MAIA DISTRIBUIDORA LTDA            R FRANCISCA MARIA DE SOUZA, 190         DISTRITO INDUST58411380CAMPINA GRANDE PB0000000000000000                                                                       
1040001300030R 00000000000000000000000000000000000000000000000000201082024000000000000200                                                                                                                                                       
1040001300031P   0425791221344000000000000000000000000010112138127-2         0207202400000000012963100000002N0305202410307202400000000000030200000000000000000000000000000000000000000000000000000083402                    1052000090000000000 
1040001300032Q   2035065903000992NILO MAIA DISTRIBUIDORA LTDA            R FRANCISCA MARIA DE SOUZA, 190         DISTRITO INDUST58411380CAMPINA GRANDE PB0000000000000000                                                                       
1040001300033R 00000000000000000000000000000000000000000000000000202072024000000000000200                                                                                                                                                       
10400015         000035000011000000000033723550000000000000000000000000000000000000000000000                                                                                                                                                    
10499999         000001000037                                                                                                                                                                                                                   
