10400000         2181365040001070000000000000000000004257912213440000000INDEPENDENCE COMERCIO E IMPORTCaixa Econômica Federal                 11902202410411700050310700000                                                                     
10400011R0100067 20181365040001071221344000000000000004257900000000000000INDEPENDENCE COMERCIO E IMPORT                                                                                000005031902202400000000                                 
1040001300001P 010425791221344000000000000000000000000222112131234           2302202400000000025290000000002N1902202412402202400000000000059000000000000000000000000000000000000000000000000000000072199                    1052000090000000000 
1040001300002Q 012028141158000796TRANSPORTADORA CONTINENTAL LTDA         Rua PEDRO DE TOLEDO, 800                JARDIM SANTA LI07140000GUARULHOS      SP0000000000000000                                                                       
1040001300003R 01000000000000000000000000000000000000000000000000223022024000000000000200                                                                                                                                                       
1040001300004P 010425791221344000000000000000000000000223112131234           2302202400000000022750000000002N1902202412402202400000000000053100000000000000000000000000000000000000000000000000000072201                    1052000090000000000 
1040001300005Q 012005059270000191OBJETIVA ATACADISTA DA CONSTRUCAO LTDA  St SGCV LOTE (ST GARAGENS E CONCES DE VEZONA INDUSTRIAL71215520BRASILIA       DF0000000000000000                                                                       
1040001300006R 01000000000000000000000000000000000000000000000000223022024000000000000200                                                                                                                                                       
1040001300007P 010425791221344000000000000000000000000224112131234           2302202400000000019630000000002N1902202412402202400000000000045800000000000000000000000000000000000000000000000000000072200                    1052000090000000000 
1040001300008Q 012029177911000170EXCLUSIV EQUIPAMENTOS EIRELI            Rod GOVERNADOR MARIO COVAS, 162         DIAMANTINA     29160840SERRA          ES0000000000000000                                                                       
1040001300009R 01000000000000000000000000000000000000000000000000223022024000000000000200                                                                                                                                                       
1040001300010P 010425791221344000000000000000000000000225112131234           2302202400000000075110000000002N1902202412402202400000000000175200000000000000000000000000000000000000000000000000000072203                    1052000090000000000 
1040001300011Q 012003045919000190EDMILSON DOMINGUES ALVES REPRESENTACOES Av VEREADOR CICERO PEREIRA DOS SANTOS, 8VILA BELA      12522465GUARATINGUETA  SP0000000000000000                                                                       
1040001300012R 01000000000000000000000000000000000000000000000000223022024000000000000200                                                                                                                                                       
1040001300013P 010425791221344000000000000000000000000226112131234           2302202400000000064210000000002N1902202412402202400000000000149800000000000000000000000000000000000000000000000000000072202                    1052000090000000000 
1040001300014Q 012014963587000149VIBE LOG TRANSPORTES EIRELI             Rua HENRIQUE MICHELS JÚNIOR, 580A       CORDEIROS      88311715Itajai         SC0000000000000000                                                                       
1040001300015R 01000000000000000000000000000000000000000000000000223022024000000000000200                                                                                                                                                       
1040001300016P 010425791221344000000000000000000000000227112131234           2302202400000000068540000000002N1902202412402202400000000000159900000000000000000000000000000000000000000000000000000072205                    1052000090000000000 
1040001300017Q 012025012398000107GOOGLE CLOUD BRASIL COMPUTACAO E SERVICOAv BRIGADEIRO FARIA LIMA 3729, 3729     ITAIM BIBI     04538905Sao Paulo      SP0000000000000000                                                                       
1040001300018R 01000000000000000000000000000000000000000000000000223022024000000000000200                                                                                                                                                       
1040001300019P 010425791221344000000000000000000000000228112131234           2302202400000000039600000000002N1902202412402202400000000000092400000000000000000000000000000000000000000000000000000072204                    1052000090000000000 
1040001300020Q 012036471879000105MARIA SERGILENE MOREIRA DE CASTRO 417195R OSLO, 130                             UTINGA         09230010SANTO ANDRE    SP0000000000000000                                                                       
1040001300021R 01000000000000000000000000000000000000000000000000223022024000000000000200                                                                                                                                                       
1040001300022P 010425791221344000000000000000000000000229112131234           2302202400000000064610000000002N1902202412402202400000000000150700000000000000000000000000000000000000000000000000000072207                    1052000090000000000 
1040001300023Q 012055232144000165AD AGENCIA DE VIAGENS E TURISMO LTDA    Pc DOM JOSE GASPAR 134, 134             REPUBLICA      01047912Sao Paulo      SP0000000000000000                                                                       
1040001300024R 01000000000000000000000000000000000000000000000000223022024000000000000200                                                                                                                                                       
1040001300025P 010425791221344000000000000000000000000230112131234           2302202400000000009470000000002N1902202412402202400000000000022100000000000000000000000000000000000000000000000000000072206                    1052000090000000000 
1040001300026Q 012076635689002217O V D IMPORTADORA E DISTRIBUIDORA LTDA  Rod BR 381 FERNAO DIAS, KM483           DISTRITO INDUST32669895BETIM          MG0000000000000000                                                                       
1040001300027R 01000000000000000000000000000000000000000000000000223022024000000000000200                                                                                                                                                       
1040001300028P 010425791221344000000000000000000000000231112131234           2302202400000000072960000000002N1902202412402202400000000000170200000000000000000000000000000000000000000000000000000072209                    1052000090000000000 
1040001300029Q 012020072010000140SERGIO NUNES DE MATOS JUNIOR            R SANTA CRUZ, 1030                      VILA SANTA LIBA12904000BRAGANCA PAULISSP0000000000000000                                                                       
1040001300030R 01000000000000000000000000000000000000000000000000223022024000000000000200                                                                                                                                                       
1040001300031P 010425791221344000000000000000000000000232112131234           2302202400000000084780000000002N1902202412402202400000000000197800000000000000000000000000000000000000000000000000000072208                    1052000090000000000 
1040001300032Q 012038030968000133LARISSA MEDEIROS DA MATA 05596582654    R CAMPOS SALES, 530                     CALAFATE       30411570Belo Horizonte MG0000000000000000                                                                       
1040001300033R 01000000000000000000000000000000000000000000000000223022024000000000000200                                                                                                                                                       
1040001300034P 010425791221344000000000000000000000000233112131234           2302202400000000022670000000002N1902202412402202400000000000052900000000000000000000000000000000000000000000000000000072211                    1052000090000000000 
1040001300035Q 012005452320000104SERVICO REGISTRAL DE IMOVEIS DE NOVA LIMR GETULIO VARGAS, 180                   CENTRO         34000001Nova Lima      MG0000000000000000                                                                       
1040001300036R 01000000000000000000000000000000000000000000000000223022024000000000000200                                                                                                                                                       
1040001300037P 010425791221344000000000000000000000000234112131234           2302202400000000049400000000002N1902202412402202400000000000115300000000000000000000000000000000000000000000000000000072210                    1052000090000000000 
1040001300038Q 012014148236000184DAVI PAULA DAS MERCES                   R BRAS FERREIRA DA SILVA, 65            VILA APARECIDA 08020150Sao Paulo      SP0000000000000000                                                                       
1040001300039R 01000000000000000000000000000000000000000000000000223022024000000000000200                                                                                                                                                       
10400015         000041000013000000000061902000000000000000000000000000000000000000000000000                                                                                                                                                    
10499999         000001000043                                                                                                                                                                                                                   
